@article{olukotun,
  author = "Kunle Olukoton and Lance Hammond",
  title = "The Future of Microprocessors",
  year = "2005",
  month = "September",
  url = "http://ogun.stanford.edu/~kunle/publications/queue05.pdf",
  note = "Chip multiprocessorsâ€™ promise of huge performance gains is now a reality."
}

@inproceedings{ bell,
    author = "Bell et al.",
    title = "TILE64 - Processor: A 64-Core SoC with Mesh Interconnect",
    year = "2008",
    month = "February",
    url = "http://ieeexplore.ieee.org/xpls/abs_all.jsp?arnumber=4523070&tag=1"
}

@article{ kongetira,
    author = "Poonacha Kongetira, Kathirgamar Aingaran and Kunle Olukotun",
    title = "Niagara: A 32-way Multihreaded Sparc Processor",
    year = "2005",
    journal = "IEEE computer Society",
    url = "http://classes.soe.ucsc.edu/cmpe202/Winter07/papers/niagara.pdf"
}

@article{ flynn,
    author = "M Flynn",
    title = "Some Computer Organizations and Their Effectiveness",
    year = "1972",
    month = "September",
    journal = "IEEE Computer Society",
    volume = "C-21",
    url = "http://ieeexplore.ieee.org/xpl/articleDetails.jsp?arnumber=5009071"
}

@misc{ wiki_multicore,
  title = "Multi-core Processor",
  howpublished = "\url{http://en.wikipedia.org/wiki/Multi-core}",
  note = "Accessed September 2013"
}

@misc{ wiki_cell_mpu,
  title = "Cell (microprocessor)",
  howpublished = "\url{http://en.wikipedia.org/wiki/Cell_(microprocessor)}",
  note = "Accessed September 2013"
}

@manual{ efm_ebi,
    title = "External Bus Interface",
    organization = "Silicon Labs",
    year = "2013",
    note = "AN0034 Application Note"
}

@manual{ efm32gg,
    title = "EFM32GG Reference Manual",
    organization = "Silicon Labs",
    year = "2013"
}

@book{ tdt4255_book,
    author = "David A. Patterson and John L. Hennessay",
    title = "Computer Organization and Design - The Hardware/Software Interface",
    publisher = "Morgan Kaufmann",
    year = "2011",
    month = "November",
    edition = "4",
    isbn = "978-0123747501"
}

@misc{ tdt4255,
    title = "TDT4255 - Computer Design",
    howpublished ="\url{http://www.idi.ntnu.no/emner/tdt4255/}"
}

@misc{ fpga-chip,
    title = "Spartan-6 Family Overview",
    howpublished = "\url{http://www.xilinx.com/support/documentation/data_sheets/ds160.pdf}",
    note = "Spartan 6 product specification"
}

@misc{ emlibapi,
    title = "emlib Peripheral API",
    howpublished = "\url{http://cdn.energymicro.com/dl/documentation/doxygen/EM_CMSIS_3.20.2_DOC/index.html}"
}

@misc{ cmsisapi,
    title = "CMSIS",
    howpublished = "\url{http://cdn.energymicro.com/dl/documentation/doxygen/CMSIS/Documentation/General/html/index.html}"
}

@article{ jacobsen03,
    author = "Eric Jacobsen and Richard Lyons",
    title = "The Sliding DFT",
    year = "2003",
    month = "March",
    journal = "IEEE Signal Processing Magazine",
    url = "http://www.cmlab.csie.ntu.edu.tw/DSPCourse/reference/Sliding%20DFT.pdf"
}

@techreport{ baumann05,
    author = "Claude Baumann",
    title = "RFT: A simplified fast real-time sliding DFT algorithm",
    institution = "Convict Episcopal de Luxembourg",
    year = "2005",
    month = "November",
    url = "http://www.convict.lu/Jeunes/ultimate_stuff/RFT.pdf"
}
